@ARTICLE{fort,
   AUTHOR  = {S. Fortunato},
   TITLE   = {Community Detection in Graphs},  
   YEAR    = {2010},
   MONTH = {November},
   JOURNAL = {Physics Reports},
   VOLUME  = {486},
   ISSUE = {3-5},
   PAGES   = {75--174}
}

@ARTICLE{porter,
   AUTHOR  = {Porter, M. and  Onnela,  J. and Mucha, P.},
   TITLE   = {Communities in Networks},  
   YEAR    = {2009},
   MONTH = {October},
   JOURNAL = {Notices of the AMS},
   VOLUME  = {56},
   NUMBER  = {9},
   PAGES   = {1082--1097}
}

@ARTICLE{kanna,
   AUTHOR  = {Kannan, R. and Vempala, S. and Vetta, A.},
   TITLE   = {On Clusterings: Good, Bad, and Spectral},  
   YEAR    = {2004},
   MONTH = {May},
   JOURNAL = {Journal of the ACM},
   VOLUME  = {51},
   NUMBER  = {3},
   PAGES   = {497--515}
}

@ARTICLE{newman,
   AUTHOR  = {M. Newman},
   TITLE   = {Modularity and community structure in networks},  
   YEAR    = {2006},
   JOURNAL = {PNAS},
   VOLUME  = {103},
   NUMBER  = {23},
   PAGES   = {8577--8582}
}

@ARTICLE{duch,
   AUTHOR  = {Duch, J. and Arenas, A.},
   TITLE   = {Community detection in complex networks using extremal optimization},  
   YEAR    = {2005},
   JOURNAL = {Physical Review E},
   VOLUME  = {72},
   NUMBER  = {027104 JTODO}
}

@ARTICLE{blondel,
   AUTHOR  = {Blondel, V. and Guillaume, J. and Lambiotte, R. and Lefebvre, E.},
   TITLE   = {Fast unfolding of communities in large networks},  
   YEAR    = {2008},
   JOURNAL ={J. Stat. Mech.},
   VOLUME  = {JTODO}
}

@ARTICLE{mishra,
   AUTHOR  = {Mishra, N. and Schreiber, R. and Stanton, I. and Tarjan, R.},
   TITLE   = {Finding Strongly-Knit Clusters in Social Networks},  
   YEAR    = {2009},
   JOURNAL = {Internet Mathematics},
   VOLUME  = {5},
   PAGES   = {155-174}
}

@CONFERENCE{jain,
   AUTHOR  = {A. Jain},
   TITLE   = {Data Clustering: 50 Years Beyond K-Means},  
   YEAR    = {2008},
   CONFERENCE = {19th International Conference on Pattern Recognition}
}

@ARTICLE{zhang,
   AUTHOR  = {Zhang, S. and Wang, R. and Zhang, X.},
   TITLE   = {Identification of overlapping community structure in complex networks using fuzzy c-means clustering},  
   YEAR    = {2007},
   JOURNAL = {Physica A},
   VOLUME  = {374},
   PAGES   = {483--490}
}

@CONFERENCE{andersen,
   AUTHOR  = {Andersen, R. and Chung, F. and Lang, K.},
   TITLE   = {Local Graph Partitioning using PageRank Vectors},  
   YEAR    = {2006},
   JOURNAL = {Proceedings of the 47th Annual IEEE Symposium}
}

@ARTICLE{capocci,
   AUTHOR  = {Cappocci, A. and Servedio, V.D.P. and Calarelli, G. and Colaiori, F.},
   TITLE   = {Detecting communities in large networks},  
   YEAR    = {2005},
   JOURNAL = {Physica A},
   VOLUME  = {352},
   PAGES   = {669--676}
}

@ARTICLE{lanc:2009,
   AUTHOR  = {Lancichinetti, A. and Fortunato, S.},
   TITLE   = {Community detection algorithms: A comparative analysis},  
   YEAR    = {2009},
   JOURNAL = {Physical Review E},
   VOLUME  = {80},
   NUMBER  = {056117 JTODO}
}

@ARTICLE{danon,
   AUTHOR  = {Danon, L. and Diaz-Guilera, A. and Duch, J. and Arenas, A.},
   TITLE   = {Comparing community structure identification},  
   YEAR    = {2005},
   JOURNAL = {Journal of Statistical Mechanics: Theory and Experiment},
   VOLUME  = {JTODO}
}

@CONFERENCE{leskovec,
	AUTHOR = {Leskovec, J. and Lang, K. and Mahoney, M.},
	TITLE = {Empirical Comparison of Algorithms for Network Community Detection},
	YEAR = {2010},
	ORGANIZATION = {WWW 2010},
	MONTH = {April},
	ADDRESS = {Raleigh, NC}
}

@CONFERENCE{hui,
	AUTHOR = {Hui, P. and Yoneki, E. and Chan, S. and Crowcroft, J.},
	TITLE = {Distributed Community Detection in Delay Tolerant Networks},
	YEAR = {2007},
	ORGANIZATION = {MobiArch},
	MONTH = {August},
	ADDRESS = {Kyoto, Japan}
}

@CONFERENCE{maiya,
	AUTHOR = {Maiya, A. and Berger-Wolf, T.},
	TITLE = {Sampling Community Structure},
	YEAR = {2010},
	ORGANIZATION = {WWW 2010},
	MONTH = {April},
	ADDRESS = {Raleigh, NC}
}

@ARTICLE{lan:2008,
   AUTHOR  = {Lancichinetti, A. and Fortunato, S. and Radicchi, F.},
   TITLE   = {Benchmark graphs for testing community detection algorithms},  
   YEAR    = {2008},
   JOURNAL = {Physical Review E},
   VOLUME  = {78},
   NUMBER = {046110 JTODO}
}

@ARTICLE{hastings,
   AUTHOR  = {M. B. Hastings},
   TITLE   = {Community Detection as an Inference Problem},  
   YEAR    = {2006},
   JOURNAL = {Archive JTODO}
}

@CONFERENCE{leskovec:2008,
	AUTHOR = {Leskovec, J. and Lang, K. and Dasgupta, A. and Mahoney, M.},
	TITLE = {Statistical Properties of Community Structure in Large Social and Informatino Networks},
	YEAR = {2008},
	ORGANIZATION = {WWW 2008},
	MONTH = {April},
	ADDRESS = {Beijing, China}
}

@ARTICLE{chen,
   AUTHOR  = {Chen, D. and Fu, Y. and Shang, M.},
   TITLE   = {A fast and efficient heuristic algorithm for detecting community structures in complex networks},  
   YEAR    = {2009},
   JOURNAL = {Physica A},
   VOLUME  = {388},
   PAGES   = {2741--2749}
}

@ARTICLE{lanc:2010,
   AUTHOR  = {Lancichinetti, A. and Kivela, M. and Saramaki, J. and Fortunato, S.},
   TITLE   = {Characterizing the Community Structure of Complex Networks},  
   YEAR    = {2010},
   MONTH = {August},
   JOURNAL = {PloS ONE},
   VOLUME  = {5},
   ISSUE = {8}
}


@ARTICLE{girvan,
   AUTHOR  = {Girvan, M. and Newman, M. E. J.},
   TITLE   = {Community structure in social and biolgical networks},  
   YEAR    = {2002},
   MONTH = {June},
   JOURNAL = {PNAS},
   VOLUME  = {99},
   NUMBER  = {12},
   PAGES   = {7821--7826}
}

@ARTICLE{zachary,
  AUTHOR = {W. W. Zachary},
  TITLE = {An information flow model for conflict and fission in small groups},
  JOURNAL = {Journal of Anthropological Research},
  VOLUME = {33},
  PAGES = {452-473},
  YEAR = {1977}
}